<record><leader>00000cas a22000007a 4500</leader><controlfield tag="001">21182709</controlfield><controlfield tag="008">900307d19321932moudn ne      0    0eng d</controlfield><datafield ind1=" " ind2=" " tag="010"><subfield code="a">sn 90061259 </subfield></datafield><datafield ind1=" " ind2=" " tag="040"><subfield code="a">MQN</subfield><subfield code="b">eng</subfield><subfield code="c">MQN</subfield><subfield code="d">OCLCQ</subfield></datafield><datafield ind1=" " ind2=" " tag="042"><subfield code="a">msc</subfield></datafield><datafield ind1="0" ind2="0" tag="245"><subfield code="a">Lexington daily news.</subfield></datafield><datafield ind1=" " ind2=" " tag="260"><subfield code="a">Lexington, Mo. :</subfield><subfield code="b">Lexington News Pub. Co.,</subfield><subfield code="c">1932.</subfield></datafield><datafield ind1=" " ind2=" " tag="300"><subfield code="a">v.</subfield></datafield><datafield ind1=" " ind2=" " tag="310"><subfield code="a">Daily (except Sun.)</subfield></datafield><datafield ind1="0" ind2=" " tag="362"><subfield code="a">Vol. 43, no. 4 (Jan. 4, 1932)-v. 1, no. 236 (Oct. 1, 1932).</subfield></datafield><datafield ind1=" " ind2=" " tag="515"><subfield code="a">Numbering changes from vol. 43, no. 15 (Jan. 16, 1932) to v. 1, no. 15 (Jan. 18, 1932).</subfield></datafield><datafield ind1=" " ind2="4" tag="651"><subfield code="a">Lexington (Mo.)</subfield><subfield code="v">Newspapers.</subfield></datafield><datafield ind1=" " ind2=" " tag="752"><subfield code="a">United States</subfield><subfield code="b">Missouri</subfield><subfield code="c">Lafayette</subfield><subfield code="d">Lexington.</subfield></datafield><datafield ind1="0" ind2="0" tag="780"><subfield code="t">Lexington news (Lexington, Mo. : 1889)</subfield><subfield code="w">(DLC)sn 90061258</subfield></datafield><datafield ind1="0" ind2="7" tag="785"><subfield code="t">Lexington advertiser</subfield><subfield code="w">(DLC)sn 90061260</subfield></datafield><datafield ind1="0" ind2="7" tag="785"><subfield code="t">Lexington advertiser-news</subfield><subfield code="w">(DLC)sn 90061261</subfield></datafield><datafield ind1="1" ind2=" " tag="029"><subfield code="a">AU@</subfield><subfield code="b">000020593615</subfield></datafield></record>